<?xml version="1.0" encoding="UTF-8"?><record xmlns="http://www.loc.gov/MARC21/slim" xmlns:cinclude="http://apache.org/cocoon/include/1.0" xmlns:zs="http://www.loc.gov/zing/srw/">
  <leader>00497nz  a2200181n  4500</leader>
  <controlfield tag="001">n  90633300 </controlfield>
  <controlfield tag="003">DLC</controlfield>
  <controlfield tag="005">19900418110634.0</controlfield>
  <controlfield tag="008">900418n| acaabaaa|          |a ana ||| c</controlfield>
  <datafield tag="010" ind1=" " ind2=" ">
    <subfield code="a">n  90633300 </subfield>
  </datafield>
  <datafield tag="040" ind1=" " ind2=" ">
    <subfield code="a">CU</subfield>
    <subfield code="c">CU</subfield>
  </datafield>
  <datafield tag="130" ind1=" " ind2="0">
    <subfield code="a">Serie La Manchada</subfield>
  </datafield>
  <datafield tag="430" ind1=" " ind2="0">
    <subfield code="a">Manchada</subfield>
  </datafield>
  <datafield tag="643" ind1=" " ind2=" ">
    <subfield code="a">Buenos Aires, Repu휍혖blica Argentina</subfield>
    <subfield code="b">Ediciones Filofalsi휍혖a</subfield>
  </datafield>
  <datafield tag="644" ind1=" " ind2=" ">
    <subfield code="a">f</subfield>
    <subfield code="5">DLC</subfield>
    <subfield code="5">CU</subfield>
  </datafield>
  <datafield tag="645" ind1=" " ind2=" ">
    <subfield code="a">t</subfield>
    <subfield code="5">DLC</subfield>
    <subfield code="5">CU</subfield>
  </datafield>
  <datafield tag="646" ind1=" " ind2=" ">
    <subfield code="a">s</subfield>
    <subfield code="5">DLC</subfield>
    <subfield code="5">CU</subfield>
  </datafield>
  <datafield tag="670" ind1=" " ind2=" ">
    <subfield code="a">Herrero, M. Esa ventana, 1988:</subfield>
    <subfield code="b">t.p. verso (Serie: La Manchada)</subfield>
  </datafield>
</record>